@ARTICLE{Gooch05color2gray:salience-preserving,
author = {Amy A. Gooch and Sven C. Olsen and Jack Tumblin and Bruce Gooch},
title = {Color2gray: Salience-preserving color removal},
journal = {ACM Transactions on Graphics},
year = {2005},
volume = {24},
pages = {634--639}
}

@article{Fairchild2004_1,
Abstract = {N/A}, 
Author = {Mark D. Fairchild}, 
Journal = {Journal of Vision}, 
Keywords = {}, 
Month = {}, 
Number = {11}, 
Pages = {}, 
Title = {Color appearance modeling: Splicing color science and practical applications,}, 
Url = {}, 
Volume = {4}, 
Year = {2004}
}


@ARTICLE{Rasche05re-coloringimages,
author = {Karl Rasche and Robert Geist and James Westall},
title = {Re-coloring images for gamuts of lower dimension},
journal = {Computer Graphics Forum},
year = {2005},
pages = {423--432}
}


@article{ cadik08perceptual,
author = {Martin {\v{C}}ad\'{i}k},
title = {Perceptual Evaluation of Color-to-Grayscale Image Conversions},
journal = {Comput. Graph. Forum},
volume = {27},
number = {7},
year = {2008},
pages = {1745-1754},
}

@InProceedings{ cadik07color_to_gray,
author = {Laszlo Neumann and Martin {\v{C}}ad\'{i}k and Antal Nemcsics},
title = {An Efficient Perception-Based Adaptive Color to Gray Transformation},
booktitle = {Proceedings of Computational Aesthetics 2007},
pages = {73-- 80},
publisher = {Eurographics Association},
year = {2007},
address = {Banff, Canada},
}

@article{Smith_apparentgreyscale,
author = {Kaleigh Smith and Pierre-edouard Landes and Joëlle Thollot and Karol Myszkowski},
title = {Apparent Greyscale: A Simple and Fast Conversion to Perceptually Accurate Images and Video},
year = {2008}
}

@article{journals/pr/GrundlandD07,
author = {Mark Grundland and Neil A. Dodgson},
interhash = {43d437c780d4ed745aa57e97d982b890},
intrahash = {3c53ecbe6c956becd5026b15379d6093},
journal = {Pattern Recognition},
number = 11,
pages = {2891-2896},
title = {Decolorize: Fast, contrast enhancing, color to grayscale conversion.},
url = {http://dblp.uni-trier.de/db/journals/pr/pr40.html#GrundlandD07},
volume = 40,
year = 2007,
keywords = {dblp},
ee = {http://dx.doi.org/10.1016/j.patcog.2006.11.003},
added-at = {2007-11-05T00:00:00.000+0100},
description = {dblp},
biburl = {http://www.bibsonomy.org/bibtex/23c53ecbe6c956becd5026b15379d6093/dblp},
date = {2007-11-05}
}

@article{kim09_c2g,
author = {Yongjin Kim and Cheolhun Jang and Julien Demouth and Seungyong Lee},
title = {Robust Color-to-gray via Nonlinear Global Mapping},
journal = {ACM Transactions on Graphics (SIGGRAPH ASIA 2009)},
year = {2009},
month = dec,
volume = {28},
number = {5}
}


@article{Nayatani97,
author = {Nayatani},
title = {Simple estimation methods for the helmholtzkohlrausch effect},
journal = {Color Research and Application},
year = {1997},
month = dec,
volume = {22},
}


@article{Nayatani98,
author = {Nayatani},
title = {Relations between the two kinds of representation methods in the Helmholtz-Kohlrausch effect},
journal = {Color Research and Application},
year = {1998},
month = dec,
volume = {23},
}

@book{Hunt,
 author = "Hunt",
 title = "The Reproduction of Colour",
 year = "2004",
 volume = "6"
}

 @article{BalaEschbach,
 author = "BALA",
 title = "Spatial color-to-grayscale transformation preserving chrominance edge information.",
 journal = "12th Color Imaging Conference",
 year = {2004},
 number = "82–86"
}

 @article{Neumann,
 author = "NEUMANN, L., Cadik, M., and Nemsics",
 title = "An efficient perception-based adaptive color to gray transformation.",
 journal = "Computational Aesthetics",
 year = "2007",
 number = "73-80"
}












